<record xmlns:xsi="http://www.w3.org/2001/XMLSchema-instance" xmlns="http://www.loc.gov/MARC21/slim" xsi:schemaLocation="http://www.loc.gov/MARC21/slim http://www.loc.gov/standards/marcxml/schema/MARC21slim.xsd">

  <leader>00719nam a2200205Ia 4500</leader>
  <datafield ind1=" " ind2=" " tag="999">
    <subfield code="c">2296</subfield>
    <subfield code="d">2296</subfield>
  </datafield>
  <controlfield tag="008">180628b2001    cl ||||| |||| 00| | spa d</controlfield>
  <datafield ind1=" " tag="090" ind2=" ">
    <subfield code="a">18.09.01 </subfield>
    <subfield code="b">188</subfield>
  </datafield>
  <datafield ind2=" " tag="100" ind1=" ">
    <subfield code="a">Ravela, Pedro</subfield>
    <subfield code="9">462</subfield>
  </datafield>
  <datafield ind1="1" ind2="4" tag="245">
    <subfield code="a">Los próximos pasos: ¿Cómo avanzar en la evaluación de aprendizajes en América Latina? /</subfield>
    <subfield code="c"> Pedro Ravela, ed.; Richard Wolfe; Gilbert Valverde y Juan Manuel Esquivel</subfield>
  </datafield>
  <datafield tag="260" ind2=" " ind1=" ">
    <subfield code="a">Santiago, Chile : </subfield>
    <subfield code="b">PREAL, </subfield>
    <subfield code="c">2001</subfield>
  </datafield>
  <datafield ind2=" " tag="300" ind1=" ">
    <subfield code="a">42 páginas</subfield>
  </datafield>
  <datafield tag="490" ind2=" " ind1=" ">
    <subfield code="a">Docuemntos,</subfield>
    <subfield code="v">20</subfield>
  </datafield>
  <datafield ind1="1" tag="650" ind2="4">
    <subfield code="a">APRENDIZAJE </subfield>
    <subfield code="9">387</subfield>
  </datafield>
  <datafield ind2="4" tag="650" ind1="1">
    <subfield code="a">EVALUACIÓN </subfield>
    <subfield code="9">287</subfield>
  </datafield>
  <datafield tag="651" ind2="4" ind1=" ">
    <subfield code="a">AMÉRICA LATINA</subfield>
    <subfield code="9">273</subfield>
  </datafield>
  <datafield tag="700" ind2=" " ind1=" ">
    <subfield code="a">Wolfe, Richard</subfield>
    <subfield code="9">465</subfield>
  </datafield>
  <datafield ind2=" " tag="700" ind1=" ">
    <subfield code="a">Valverde, Gilbert</subfield>
    <subfield code="9">464</subfield>
  </datafield>
  <datafield ind2=" " tag="700" ind1="1">
    <subfield code="a">Esquivel Alfaro, Juan Manuel</subfield>
    <subfield code="9">157</subfield>
  </datafield>
  <datafield ind1=" " ind2=" " tag="942">
    <subfield code="2">z</subfield>
    <subfield code="c">01</subfield>
  </datafield>
</record>